<?xml version="1.0"?>
<marc:records xmlns:marc="http://www.loc.gov/MARC21/slim" xmlns:xsi="http://www.w3.org/2001/XMLSchema-instance" xsi:schemaLocation="http://www.loc.gov/MARC21/slim http://www.loc.gov/standards/marcxml/schema/MARC21slim.xsd">
  <marc:record>
    <marc:leader>02163nam a2200313 u 4500</marc:leader>
    <marc:controlfield tag="001">9977241784603681</marc:controlfield>
    <marc:controlfield tag="005">20190328134257.0</marc:controlfield>
    <marc:controlfield tag="008">180222q12701279enk           000 0 lat d</marc:controlfield>
    <marc:datafield ind1=" " ind2=" " tag="035">
  <marc:subfield code="a">(PUVoyagerBIBID)9977241784603681</marc:subfield>
</marc:datafield>
    <marc:datafield ind1=" " ind2=" " tag="040">
  <marc:subfield code="a">PAU</marc:subfield>
  <marc:subfield code="b">eng</marc:subfield>
  <marc:subfield code="c">PAU</marc:subfield>
  <marc:subfield code="e">dacs</marc:subfield>
</marc:datafield>
    <marc:datafield ind1=" " ind2="9" tag="099">
  <marc:subfield code="a">Misc Mss Box 23 Folder 24</marc:subfield>
</marc:datafield>
    <marc:datafield ind1="0" ind2="0" tag="245">
  <marc:subfield code="a">Anglezarke indenture,</marc:subfield>
  <marc:subfield code="f">1270s?</marc:subfield>
</marc:datafield>
    <marc:datafield ind1=" " ind2=" " tag="300">
  <marc:subfield code="a">2</marc:subfield>
  <marc:subfield code="f">items (2 leaves) :</marc:subfield>
  <marc:subfield code="b">parchment ;</marc:subfield>
  <marc:subfield code="c">80-86 x 187-190 mm.</marc:subfield>
</marc:datafield>
    <marc:datafield ind1=" " ind2=" " tag="520">
  <marc:subfield code="a">Both halves of an indenture recording the resolution before witnesses of a dispute between Lord Robert de Lathom and Peter de Hepay concerning a structure in the communa (township or common land) of Arlawesarwe (Anglezarke), in Lancashire.  The same Latin text is written on both in anglicana cursive script.  One half is written in twelve lines and on its verso has a modern paper label with the number 536 and an early note in ink, Anlezarke.  The other half is written in eleven lines and on its verso has a modern paper label with the number 537 and early notes in ink, Anlesargh and the names of the disputants.  The top edges of the two halves fit together along an undulating cut with the word Cirograffia written across the cut; the bottom edges are folded with tags, formerly for seals.</marc:subfield>
</marc:datafield>
    <marc:datafield ind1=" " ind2=" " tag="546">
  <marc:subfield code="a">In Latin.</marc:subfield>
</marc:datafield>
    <marc:datafield ind1="1" ind2=" " tag="561">
  <marc:subfield code="a">Sold at auction by Forum Auctions (London), 6 December 2017, lot 25.</marc:subfield>
</marc:datafield>
    <marc:datafield ind1=" " ind2=" " tag="590">
  <marc:subfield code="a">Acquired for the Penn Libraries with assistance from the Albert C. Baugh Book Fund.</marc:subfield>
</marc:datafield>
    <marc:datafield ind1="1" ind2="0" tag="600">
  <marc:subfield code="a">Lathom, Robert de,</marc:subfield>
  <marc:subfield code="d">13th century.</marc:subfield>
</marc:datafield>
    <marc:datafield ind1="1" ind2="0" tag="600">
  <marc:subfield code="a">Hepay, Peter de,</marc:subfield>
  <marc:subfield code="d">13th century.</marc:subfield>
</marc:datafield>
    <marc:datafield ind1=" " ind2="0" tag="650">
  <marc:subfield code="a">Real property</marc:subfield>
  <marc:subfield code="z">England</marc:subfield>
  <marc:subfield code="z">Lancashire.</marc:subfield>
</marc:datafield>
    <marc:datafield ind1=" " ind2="0" tag="651">
  <marc:subfield code="a">Lancashire (England)</marc:subfield>
  <marc:subfield code="x">History</marc:subfield>
  <marc:subfield code="v">Sources.</marc:subfield>
</marc:datafield>
    <marc:datafield ind1=" " ind2="7" tag="655">
  <marc:subfield code="a">Indentures.</marc:subfield>
  <marc:subfield code="2">aat</marc:subfield>
</marc:datafield>
    <marc:datafield ind1=" " ind2="0" tag="655">
  <marc:subfield code="a">Manuscripts, Latin</marc:subfield>
  <marc:subfield code="y">13th century.</marc:subfield>
</marc:datafield>
    <marc:datafield ind1=" " ind2="0" tag="655">
  <marc:subfield code="a">Manuscripts, Medieval.</marc:subfield>
</marc:datafield>
    <marc:datafield ind1="2" ind2=" " tag="710">
  <marc:subfield code="a">Albert C. Baugh Book Fund.</marc:subfield>
  <marc:subfield code="5">PU</marc:subfield>
</marc:datafield>
    <marc:datafield ind1="0" ind2=" " tag="773">
  <marc:subfield code="t">Miscellaneous Manuscripts.</marc:subfield>
  <marc:subfield code="g">Box 23 Folder 24</marc:subfield>
</marc:datafield>
    <marc:datafield ind1="0" ind2="0" tag="773">
  <marc:subfield code="t">Albert C. Baugh Book Fund.</marc:subfield>
</marc:datafield>
    <marc:datafield ind1=" " ind2=" " tag="852">
  <marc:subfield code="b">Kislak Center for Special Collections, Rare Books and Manuscripts</marc:subfield>
  <marc:subfield code="a">University of Pennsylvania</marc:subfield>
  <marc:subfield code="e">3420 Walnut Street, Philadelphia, Pennsylvania 19104-6206.</marc:subfield>
  <marc:subfield code="j">Misc Mss Box 23 Folder 24</marc:subfield>
</marc:datafield>
    <marc:datafield ind1="4" ind2="2" tag="856">
  <marc:subfield code="3">The Albert C. Baugh Book Fund Home Page</marc:subfield>
  <marc:subfield code="u">http://hdl.library.upenn.edu/1017.12/366189</marc:subfield>
</marc:datafield>
    <marc:datafield ind1=" " ind2=" " tag="996">
  <marc:subfield code="a">unbound</marc:subfield>
</marc:datafield>
    <marc:holdings>
      <marc:holding>
        <marc:holding_id>22532375310003681</marc:holding_id>
        <marc:call_number>Misc Mss Box 23 Folder 24</marc:call_number>
        <marc:library>KislakCntr</marc:library>
        <marc:location>scmss</marc:location>
      </marc:holding>
    </marc:holdings>
  </marc:record>
</marc:records>
